<record><leader>00000cas a22000007a 4500</leader><controlfield tag="001">20344525</controlfield><controlfield tag="008">890914d19081925mouwr ne      0    0eng d</controlfield><datafield ind1=" " ind2=" " tag="010"><subfield code="a">sn 89066990 </subfield></datafield><datafield ind1=" " ind2=" " tag="040"><subfield code="a">MQN</subfield><subfield code="b">eng</subfield><subfield code="c">MQN</subfield><subfield code="d">OCLCQ</subfield></datafield><datafield ind1=" " ind2=" " tag="042"><subfield code="a">msc</subfield></datafield><datafield ind1="0" ind2="4" tag="245"><subfield code="a">The Desloge sun.</subfield></datafield><datafield ind1=" " ind2=" " tag="260"><subfield code="a">Desloge, St. Francois County, Mo. :</subfield><subfield code="b">W.L. Bocchard,</subfield><subfield code="c">-1925.</subfield></datafield><datafield ind1=" " ind2=" " tag="300"><subfield code="a">v.</subfield></datafield><datafield ind1=" " ind2=" " tag="310"><subfield code="a">Weekly</subfield></datafield><datafield ind1="1" ind2=" " tag="362"><subfield code="a">Began in 1908?</subfield></datafield><datafield ind1="0" ind2=" " tag="362"><subfield code="a">-v. 16, no. 42 (June 23, 1925).</subfield></datafield><datafield ind1=" " ind2=" " tag="588"><subfield code="a">Description based on: Vol. 9, no. 23 (Jan. 5, 1917).</subfield></datafield><datafield ind1=" " ind2=" " tag="752"><subfield code="a">United States</subfield><subfield code="b">Missouri</subfield><subfield code="c">Saint Francois</subfield><subfield code="d">Desloge.</subfield></datafield><datafield ind1="0" ind2="7" tag="785"><subfield code="t">Lead belt news (Flat River, Mo. : 1898)</subfield><subfield code="w">(DLC)sn 89066991</subfield></datafield><datafield ind1="0" ind2="7" tag="785"><subfield code="t">Lead belt news and the Desloge sun</subfield><subfield code="w">(DLC)sn 89066992</subfield></datafield></record>